<record xmlns="http://www.loc.gov/MARC21/slim" xmlns:xsi="http://www.w3.org/2001/XMLSchema-instance" xsi:schemaLocation="http://www.loc.gov/MARC21/slim http://www.loc.gov/standards/marcxml/schema/MARC21slim.xsd">

  <leader>00533nam a2200169Ia 4500</leader>
  <datafield ind1=" " ind2=" " tag="999">
    <subfield code="c">264</subfield>
    <subfield code="d">264</subfield>
  </datafield>
  <controlfield tag="008">150921b1987    SP ||||| |||| 00| | spa d</controlfield>
  <datafield ind1=" " ind2=" " tag="020">
    <subfield code="a">8476580258</subfield>
  </datafield>
  <datafield ind1=" " tag="090" ind2=" ">
    <subfield code="a">06.01.01 </subfield>
    <subfield code="b">2064</subfield>
  </datafield>
  <datafield tag="100" ind2=" " ind1="1">
    <subfield code="a">Siguán, Miguel</subfield>
    <subfield code="9">1045</subfield>
  </datafield>
  <datafield tag="245" ind2="0" ind1="1">
    <subfield code="a">Actualidad de Lev S. Vigotski / </subfield>
    <subfield code="c">Miguel Siguán (Coord.)</subfield>
  </datafield>
  <datafield ind1=" " tag="260" ind2=" ">
    <subfield code="a">Barcelona : </subfield>
    <subfield code="b">Anthropos, </subfield>
    <subfield code="c">1987</subfield>
  </datafield>
  <datafield ind2=" " tag="300" ind1=" ">
    <subfield code="a">188 páginas</subfield>
  </datafield>
  <datafield tag="490" ind2=" " ind1=" ">
    <subfield code="a">Autores, textos y temas. Psicología </subfield>
    <subfield code="v">no. 3</subfield>
  </datafield>
  <datafield tag="600" ind2="4" ind1="1">
    <subfield code="9">906</subfield>
    <subfield code="a">VYGOTSKY, LEV SEMIONOVICH </subfield>
  </datafield>
  <datafield ind1="1" ind2="4" tag="650">
    <subfield code="a">PSICOLOGÍA DE LA EDUCACIÓN</subfield>
    <subfield code="9">625</subfield>
  </datafield>
  <datafield tag="942" ind2=" " ind1=" ">
    <subfield code="2">z</subfield>
    <subfield code="c">01</subfield>
  </datafield>
</record>